@article{quantum_ai_2023,
  title={Quantum Computing and Artificial Intelligence: A Review},
  author={Smith, John and Johnson, Mary},
  journal={Journal of Quantum Information},
  volume={15},
  number={2},
  pages={123--145},
  year={2023},
  publisher={IEEE}
}

@inproceedings{quantum_software_2022,
  title={Software Engineering for Quantum Computing: Challenges and Opportunities},
  author={Brown, Robert and Davis, Sarah},
  booktitle={International Conference on Software Engineering},
  pages={456--468},
  year={2022},
  organization={ACM}
}

@article{ibm_quantum_2023,
  title={IBM Quantum Experience: A Platform for Quantum Computing Research},
  author={Wilson, James and Lee, Michael},
  journal={Quantum Information Processing},
  volume={22},
  number={3},
  pages={234--256},
  year={2023},
  publisher={Springer}
}

@inproceedings{google_cirq_2022,
  title={Cirq: A Python Framework for Quantum Computing},
  author={Anderson, David and Taylor, Rachel},
  booktitle={Quantum Software Engineering Workshop},
  pages={789--801},
  year={2022},
  organization={IEEE}
} 