@article{quantum_ai_2023,
  title={Quantum Computing and Artificial Intelligence: A Review},
  author={Smith, John and Johnson, Mary},
  journal={Journal of Quantum Information},
  volume={15},
  number={2},
  pages={123--145},
  year={2023},
  publisher={IEEE}
}

@inproceedings{quantum_software_2022,
  title={Software Engineering for Quantum Computing: Challenges and Opportunities},
  author={Brown, Robert and Davis, Sarah},
  booktitle={International Conference on Software Engineering},
  pages={456--468},
  year={2022},
  organization={ACM}
}

@article{ibm_quantum_2023,
  title={IBM Quantum Experience: A Platform for Quantum Computing Research},
  author={Wilson, James and Lee, Michael},
  journal={Quantum Information Processing},
  volume={22},
  number={3},
  pages={234--256},
  year={2023},
  publisher={Springer}
}

@inproceedings{google_cirq_2022,
  title={Cirq: A Python Framework for Quantum Computing},
  author={Anderson, David and Taylor, Rachel},
  booktitle={Quantum Software Engineering Workshop},
  pages={789--801},
  year={2022},
  organization={IEEE}
}

@article{quantum_ml_2023,
  title={Machine Learning for Quantum Circuit Optimization},
  author={Martinez, Carlos and Garcia, Elena},
  journal={Journal of Quantum Computing},
  volume={8},
  number={4},
  pages={567--589},
  year={2023},
  publisher={Elsevier}
}

@inproceedings{quantum_verification_2022,
  title={Automated Verification of Quantum Programs},
  author={Thompson, William and Clark, Patricia},
  booktitle={International Symposium on Quantum Software Engineering},
  pages={345--357},
  year={2022},
  organization={ACM}
}

@article{quantum_error_2023,
  title={Error Correction in Quantum Computing: A Survey},
  author={Robinson, Thomas and White, Jennifer},
  journal={Quantum Information and Computation},
  volume={12},
  number={5},
  pages={678--690},
  year={2023},
  publisher={World Scientific}
}

@inproceedings{quantum_optimization_2022,
  title={Optimization Techniques for Quantum Circuits},
  author={Harris, Richard and Miller, Susan},
  booktitle={Workshop on Quantum Software Engineering},
  pages={234--246},
  year={2022},
  organization={IEEE}
}

@article{quantum_ai_framework_2023,
  title={A Framework for AI-Driven Quantum Software Development},
  author={Walker, George and Young, Lisa},
  journal={Journal of Quantum Software Engineering},
  volume={5},
  number={2},
  pages={123--145},
  year={2023},
  publisher={Springer}
}

@inproceedings{quantum_testing_2022,
  title={Testing and Validation of Quantum Software},
  author={King, Edward and Queen, Victoria},
  booktitle={International Conference on Quantum Software Engineering},
  pages={567--579},
  year={2022},
  organization={ACM}
} 